<record><leader>00000cas a22000007a 4500</leader><controlfield tag="001">29397833</controlfield><controlfield tag="008">931129c19929999nmumr ne      0    0eng d</controlfield><datafield ind1=" " ind2=" " tag="010"><subfield code="a">sn 93061555 </subfield></datafield><datafield ind1=" " ind2=" " tag="040"><subfield code="a">NVM</subfield><subfield code="b">eng</subfield><subfield code="c">NVM</subfield><subfield code="d">OCLCQ</subfield><subfield code="d">OCLCF</subfield><subfield code="d">OCLCO</subfield></datafield><datafield ind1="1" ind2=" " tag="029"><subfield code="a">AU@</subfield><subfield code="b">000025869567</subfield></datafield><datafield ind1=" " ind2=" " tag="042"><subfield code="a">msc</subfield></datafield><datafield ind1=" " ind2=" " tag="043"><subfield code="a">n-us-nm</subfield></datafield><datafield ind1="0" ind2="4" tag="245"><subfield code="a">The Cimarron legend.</subfield></datafield><datafield ind1=" " ind2=" " tag="260"><subfield code="a">Cimarron, N.M. :</subfield><subfield code="b">One Horse Pub. Co.</subfield></datafield><datafield ind1=" " ind2=" " tag="300"><subfield code="a">v.</subfield></datafield><datafield ind1=" " ind2=" " tag="310"><subfield code="a">Monthly,</subfield><subfield code="b">Oct. 1992-</subfield></datafield><datafield ind1=" " ind2=" " tag="321"><subfield code="a">Weekly,</subfield><subfield code="b">June 25-July 2, 1992</subfield></datafield><datafield ind1=" " ind2=" " tag="321"><subfield code="a">Biweekly,</subfield><subfield code="b">July 16, 1992</subfield></datafield><datafield ind1=" " ind2=" " tag="321"><subfield code="a">Three times a month,</subfield><subfield code="b">Aug. 13-Sept. 10, 1992</subfield></datafield><datafield ind1="0" ind2=" " tag="362"><subfield code="a">Vol. 1, no. 1 (June 25, 1992)-</subfield></datafield><datafield ind1=" " ind2="0" tag="651"><subfield code="a">Cimarron (N.M.)</subfield><subfield code="v">Newspapers.</subfield></datafield><datafield ind1=" " ind2="0" tag="651"><subfield code="a">Colfax County (N.M.)</subfield><subfield code="v">Newspapers.</subfield></datafield><datafield ind1=" " ind2="7" tag="655"><subfield code="a">Newspapers.</subfield><subfield code="2">fast</subfield><subfield code="0">(OCoLC)fst01423814</subfield></datafield><datafield ind1=" " ind2="7" tag="651"><subfield code="a">New Mexico</subfield><subfield code="z">Cimarron.</subfield><subfield code="2">fast</subfield><subfield code="0">(OCoLC)fst01283738</subfield></datafield><datafield ind1=" " ind2="7" tag="651"><subfield code="a">New Mexico</subfield><subfield code="z">Colfax County.</subfield><subfield code="2">fast</subfield><subfield code="0">(OCoLC)fst01217271</subfield></datafield><datafield ind1=" " ind2=" " tag="752"><subfield code="a">United States</subfield><subfield code="b">New Mexico</subfield><subfield code="c">Colfax</subfield><subfield code="d">Cimarron.</subfield></datafield></record>